% !Mode:: "TeX:UTF-8"
@inproceedings{seshadri2007secvisor,
  title     = {SecVisor: A tiny hypervisor to provide lifetime kernel code integrity for commodity OSes},
  author    = {Seshadri, Arvind and Luk, Mark and Qu, Ning and Perrig, Adrian},
  booktitle = {Proceedings of twenty-first ACM SIGOPS symposium on Operating systems principles},
  pages     = {335--350},
  year      = {2007}
}

@article{popek1974formal,
  title     = {Formal requirements for virtualizable third generation architectures},
  author    = {Popek, Gerald J and Goldberg, Robert P},
  journal   = {Communications of the ACM},
  volume    = {17},
  number    = {7},
  pages     = {412--421},
  year      = {1974},
  publisher = {ACM New York, NY, USA}
}

@inproceedings{palicherla2015teaching,
  title     = {Teaching virtualization by building a hypervisor},
  author    = {Palicherla, Abhinand and Zhang, Tao and Porter, Donald E},
  booktitle = {Proceedings of the 46th ACM Technical Symposium on Computer Science Education},
  pages     = {424--429},
  year      = {2015}
}

@article{bauman2015survey,
  title     = {A survey on hypervisor-based monitoring: approaches, applications, and evolutions},
  author    = {Bauman, Erick and Ayoade, Gbadebo and Lin, Zhiqiang},
  journal   = {ACM Computing Surveys (CSUR)},
  volume    = {48},
  number    = {1},
  pages     = {1--33},
  year      = {2015},
  publisher = {ACM New York, NY, USA}
}

@article{waterman2014risc,
  title   = {The RISC-V instruction set manual},
  author  = {Waterman, Andrew and Lee, Yunsup and Patterson, David and Asanovic, Krste and level Isa, Volume I User and Waterman, Andrew and Lee, Yunsup and Patterson, David},
  journal = {Volume I: User-Level ISA’, version},
  volume  = {2},
  year    = {2014}
}

@article{sa2021first,
  title     = {A first look at RISC-V virtualization from an embedded systems perspective},
  author    = {S{\'a}, Bruno and Martins, Jos{\'e} and Pinto, Sandro},
  journal   = {IEEE Transactions on Computers},
  volume    = {71},
  number    = {9},
  pages     = {2177--2190},
  year      = {2021},
  publisher = {IEEE}
}

@article{sa2023cva6,
  title   = {CVA6 RISC-V Virtualization: Architecture, Microarchitecture, and Design Space Exploration},
  author  = {S{\'a}, Bruno and Valente, Luca and Martins, Jos{\'e} and Rossi, Davide and Benini, Luca and Pinto, Sandro},
  journal = {arXiv preprint arXiv:2302.02969},
  year    = {2023}
}

@inproceedings{martins2020bao,
  title        = {Bao: A lightweight static partitioning hypervisor for modern multi-core embedded systems},
  author       = {Martins, Jos{\'e} and Tavares, Adriano and Solieri, Marco and Bertogna, Marko and Pinto, Sandro},
  booktitle    = {Workshop on Next Generation Real-Time Embedded Systems (NG-RES 2020)},
  year         = {2020},
  organization = {Schloss Dagstuhl-Leibniz-Zentrum f{\"u}r Informatik}
}

@article{adams2006comparison,
  title     = {A comparison of software and hardware techniques for x86 virtualization},
  author    = {Adams, Keith and Agesen, Ole},
  journal   = {ACM Sigplan Notices},
  volume    = {41},
  number    = {11},
  pages     = {2--13},
  year      = {2006},
  publisher = {ACM New York, NY, USA}
}

@article{barham2003xen,
  title     = {Xen and the art of virtualization},
  author    = {Barham, Paul and Dragovic, Boris and Fraser, Keir and Hand, Steven and Harris, Tim and Ho, Alex and Neugebauer, Rolf and Pratt, Ian and Warfield, Andrew},
  journal   = {ACM SIGOPS operating systems review},
  volume    = {37},
  number    = {5},
  pages     = {164--177},
  year      = {2003},
  publisher = {ACM New York, NY, USA}
}

@inproceedings{kivity2007kvm,
  title        = {kvm: the Linux virtual machine monitor},
  author       = {Kivity, Avi and Kamay, Yaniv and Laor, Dor and Lublin, Uri and Liguori, Anthony},
  booktitle    = {Proceedings of the Linux symposium},
  volume       = {1},
  number       = {8},
  pages        = {225--230},
  year         = {2007},
  organization = {Dttawa, Dntorio, Canada}
}

@inproceedings{sugerman2001virtualizing,
  title     = {Virtualizing I/O Devices on VMware Workstation's Hosted Virtual Machine Monitor.},
  author    = {Sugerman, Jeremy and Venkitachalam, Ganesh and Lim, Beng-Hong},
  booktitle = {USENIX Annual Technical Conference, General Track},
  pages     = {1--14},
  year      = {2001}
}

@inproceedings{ben2010turtles,
  title     = {The Turtles Project: Design and Implementation of Nested Virtualization.},
  author    = {Ben-Yehuda, Muli and Day, Michael D and Dubitzky, Zvi and Factor, Michael and Har'El, Nadav and Gordon, Abel and Liguori, Anthony and Wasserman, Orit and Yassour, Ben-Ami},
  booktitle = {Osdi},
  volume    = {10},
  pages     = {423--436},
  year      = {2010}
}

@inproceedings{dautenhahn2015nested,
  title     = {Nested kernel: An operating system architecture for intra-kernel privilege separation},
  author    = {Dautenhahn, Nathan and Kasampalis, Theodoros and Dietz, Will and Criswell, John and Adve, Vikram},
  booktitle = {Proceedings of the Twentieth International Conference on Architectural Support for Programming Languages and Operating Systems},
  pages     = {191--206},
  year      = {2015}
}

@inproceedings{kuenzer2021unikraft,
  title     = {Unikraft: fast, specialized unikernels the easy way},
  author    = {Kuenzer, Simon and B{\u{a}}doiu, Vlad-Andrei and Lefeuvre, Hugo and Santhanam, Sharan and Jung, Alexander and Gain, Gaulthier and Soldani, Cyril and Lupu, Costin and Teodorescu, {\c{S}}tefan and R{\u{a}}ducanu, Costi and others},
  booktitle = {Proceedings of the Sixteenth European Conference on Computer Systems},
  pages     = {376--394},
  year      = {2021}
}

@book{陈海波2019现代操作系统,
  title     = {现代操作系统: 原理与实现},
  author    = {陈海波 and 夏虞斌},
  year      = {2019},
  publisher = {机械工业出版社}
}

@inproceedings{klein2009sel4,
  title     = {seL4: Formal verification of an OS kernel},
  author    = {Klein, Gerwin and Elphinstone, Kevin and Heiser, Gernot and Andronick, June and Cock, David and Derrin, Philip and Elkaduwe, Dhammika and Engelhardt, Kai and Kolanski, Rafal and Norrish, Michael and others},
  booktitle = {Proceedings of the ACM SIGOPS 22nd symposium on Operating systems principles},
  pages     = {207--220},
  year      = {2009}
}

@manual{riscv_isa,
  title  = {{The RISC-V Instruction Set Manual
            Volume II: Privileged Architecture
            Document Version 20211203}},
  author = {A. Waterman, K. Asanovic and J. Hauser},
  year   = {2021},
  url    = {https://github.com/riscv/riscv-isa-manual/releases/download/Priv-v1.12/riscv-privileged-20211203.pdf}
}

@manual{riscv-plic,
  title  = {RISC-V Platform-Level Interrupt
            Controller Specification},
  author = {RISC-V Task Group},
  year   = {2022},
  type   = {S},
  pages  = {107--132},
  url    = {https://github.com/riscv/riscv-plic-spec}
}


@manual{riscv-aia,
  title  = {{The RISC-V Advanced Interrupt Architecture
            Document Version 1.0-RC3}},
  author = {John Hauser},
  year   = {2023},
  type   = {S},
  url    = {https://github.com/riscv/riscv-aia}
}

@article{heiser2020sel4,
  title   = {seL4 is verified on RISC-V!},
  author  = {Heiser, G},
  journal = {RISC-V International},
  year    = {2020}
}

@article{sinitsyn2015jailhouse,
  title     = {Jailhouse},
  author    = {Sinitsyn, Valentine},
  journal   = {Linux Journal},
  volume    = {2015},
  number    = {252},
  pages     = {2},
  year      = {2015},
  publisher = {Belltown Media Houston, TX}
}

@inproceedings{patel2015embedded,
  title        = {Embedded hypervisor xvisor: A comparative analysis},
  author       = {Patel, Anup and Daftedar, Mai and Shalan, Mohamed and El-Kharashi, M Watheq},
  booktitle    = {2015 23rd Euromicro International Conference on Parallel, Distributed, and Network-Based Processing},
  pages        = {682--691},
  year         = {2015},
  organization = {IEEE}
}





@article{asanovic2016rocket,
  title   = {The rocket chip generator},
  author  = {Asanovic, Krste and Avizienis, Rimas and Bachrach, Jonathan and Beamer, Scott and Biancolin, David and Celio, Christopher and Cook, Henry and Dabbelt, Daniel and Hauser, John and Izraelevitz, Adam and others},
  journal = {EECS Department, University of California, Berkeley, Tech. Rep. UCB/EECS-2016-17},
  volume  = {4},
  year    = {2016}
}

@article{wei2019hyperbench,
  title     = {Hyperbench: A benchmark suite for virtualization capabilities},
  author    = {Wei, Song and Zhang, Kun and Tu, Bibo},
  journal   = {Proceedings of the ACM on Measurement and Analysis of Computing Systems},
  volume    = {3},
  number    = {2},
  pages     = {1--22},
  year      = {2019},
  publisher = {ACM New York, NY, USA}
}


@article{barr2010translation,
  title     = {Translation caching: skip, don't walk (the page table)},
  author    = {Barr, Thomas W and Cox, Alan L and Rixner, Scott},
  journal   = {ACM SIGARCH Computer Architecture News},
  volume    = {38},
  number    = {3},
  pages     = {48--59},
  year      = {2010},
  publisher = {ACM New York, NY, USA}
}

@inproceedings{park2022every,
  title     = {Every walk’sa hit: making page walks single-access cache hits},
  author    = {Park, Chang Hyun and Vougioukas, Ilias and Sandberg, Andreas and Black-Schaffer, David},
  booktitle = {Proceedings of the 27th ACM International Conference on Architectural Support for Programming Languages and Operating Systems},
  pages     = {128--141},
  year      = {2022}
}

@article{yaniv2016hash,
  title     = {Hash, don't cache (the page table)},
  author    = {Yaniv, Idan and Tsafrir, Dan},
  journal   = {ACM SIGMETRICS Performance Evaluation Review},
  volume    = {44},
  number    = {1},
  pages     = {337--350},
  year      = {2016},
  publisher = {ACM New York, NY, USA}
}

@inproceedings{zhao2020trap,
  title     = {Trap-less virtual interrupt for KVM on RISC-V},
  author    = {Zhao, S},
  booktitle = {KVM Forum},
  year      = {2020}
}
